@article{serre2007quantitative,
  title={A quantitative theory of immediate visual recognition},
  author={Serre, Thomas and Kreiman, Gabriel and Kouh, Minjoon and Cadieu, Charles and Knoblich, Ulf and Poggio, Tomaso},
  journal={Progress in brain research},
  volume={165},
  pages={33--56},
  year={2007},
  publisher={Elsevier}
}

@article{lee1998role,
  title={The role of the primary visual cortex in higher level vision},
  author={Lee, Tai Sing and Mumford, David and Romero, Richard and Lamme, Victor AF},
  journal={Vision research},
  volume={38},
  number={15},
  pages={2429--2454},
  year={1998},
  publisher={Elsevier}
}

@article{hinton2006fast,
  title={A fast learning algorithm for deep belief nets},
  author={Hinton, Geoffrey and Osindero, Simon and Teh, Yee-Whye},
  journal={Neural computation},
  volume={18},
  number={7},
  pages={1527--1554},
  year={2006},
  publisher={MIT Press}
}

@article{vincent2010stacked,
  title={Stacked denoising autoencoders: Learning useful representations in a deep network with a local denoising criterion},
  author={Vincent, Pascal and Larochelle, Hugo and Lajoie, Isabelle and Bengio, Yoshua and Manzagol, Pierre-Antoine},
  journal={The Journal of Machine Learning Research},
  volume={11},
  pages={3371--3408},
  year={2010},
  publisher={JMLR. org}
}

@article{hinton2002training,
  title={Training products of experts by minimizing contrastive divergence},
  author={Hinton, Geoffrey},
  journal={Neural computation},
  volume={14},
  number={8},
  pages={1771--1800},
  year={2002},
  publisher={MIT Press}
}

@article{friedman2001greedy,
    title={Greedy function approximation: a gradient boosting machine},
    author={Friedman, Jerome H},
    journal={Annals of statistics},
    pages={1189--1232},
    year={2001},
    publisher={JSTOR}
} 
